@book{AmnestyBook,
  title     = {Keepers of the Flame: Understanding Amnesty International},
	author    = {Stephen Hopgood},
	year      = {2016},
	isbn      = {0801472512},
	publisher = {Cornell University Press}
}