@TechReport{Slaney2015Logic4Fun,
  author      = {John Slaney},
  title       = {Logic Considered Fun},
  institution = {CoRR},
  year        = {2015},
  doi         = {arXiv:1507.03683},
}


@Article{Slaney2017LogicForFun,
  author    = {John Slaney},
  title     = {Logic for Fun: An Online Tool for Logical Modelling},
  journal   = {The IfCoLog Journal of Logics and their Applications},
  year      = {2017},
  volume    = {4},
  number    = {1},
  pages     = {171--192}
}
