@inproceedings {Smith2021Wubalubadubdub,
  author    = {Richard Smith and Summer Smith and Morty Smith},
  booktitle = {Plumbus: How they do it},
  title     = {Wubalubadubdub: {R}ick \& {M}orty Forever and Forever a Hundred Years},
  year      = {2115},
  pages     = {C137--$\infty$},
  publisher = {Adult Swim}
}


@inproceedings {Cooper2015SuperfluidVacuumTheory,
   author    = {Sheldon Lee Cooper and Leonard Leakey Hofstadter},
   booktitle = {The Troll Manifestation},
   title     = {Superfluid Vacuum Theory: Spacetime is a Surface of the Superfluid},
   year      = {2015},
   pages     = {42--73},
   publisher = {Scientific American}
}


@misc {Oetiker2021LatexIntroduction,
   author = {Tobias Oetiker},
   year   = {2021},
   title  = {A (Not So) Short Introduction to {\LaTeX{}} $2_{\varepsilon}$},
   url    = {https://www.ctan.org/tex-archive/info/lshort/english/}
}


@misc {pictureSource,
   author = {Ann H},
   url    = {https://www.pexels.com/de-de/foto/schwarzes-holzernes-wanddekor-3095771/},
   note   = {According to \url{https://www.pexels.com/license/}, all photos on that website can be used for free.}
}
